<?xml version="1.0" encoding="UTF-8"?><record xmlns="http://www.loc.gov/MARC21/slim" xmlns:cinclude="http://apache.org/cocoon/include/1.0" xmlns:zs="http://www.loc.gov/zing/srw/">
  <leader>00312cz  a2200121n  4500</leader>
  <controlfield tag="001">n 2007088070</controlfield>
  <controlfield tag="003">DLC</controlfield>
  <controlfield tag="005">20080104074901.0</controlfield>
  <controlfield tag="008">071211n| acannaabn          |n aaa      </controlfield>
  <datafield tag="010" ind1=" " ind2=" ">
    <subfield code="a">n 2007088070</subfield>
  </datafield>
  <datafield tag="040" ind1=" " ind2=" ">
    <subfield code="a">DLC</subfield>
    <subfield code="b">eng</subfield>
    <subfield code="c">DLC</subfield>
    <subfield code="d">DLC</subfield>
  </datafield>
  <datafield tag="100" ind1="1" ind2=" ">
    <subfield code="a">Alves, JoaĚo</subfield>
  </datafield>
  <datafield tag="670" ind1=" " ind2=" ">
    <subfield code="a">Direito dos consumidores, 2006:</subfield>
    <subfield code="b">t.p. (JoaĚo Alves)</subfield>
  </datafield>
</record>